

@book{breath,
    author  = "P.S.Dhami, G.Chopra, H.N. Shrivastava",
    title   = "A Textbook of Biology",
    year    = "2015",
    publisher = "Pradeep Publications"
}

@techreport{manual,
    author  = "Marcel Merz, Martin Wiesmann",
    title   = "Massenspektrometrie, Praktikumsanleitung",
    institution = "Physics Institute of the University of Bern",
    year    = "2000"
}

@article{lockin,
    title = {The Laser Gyro, in: Laser Applications},
    journal = {Academic Press},
    author = {Aronowitz, Frederick},
    volume  = {1},
    year    = {1971},
    pages   = {133--200},
}


@article{mems,
    title = {A high-performance silicon-on-insulator MEMS gyroscopeoperating at atmospheric pressure},
    journal = {ScienceDirect},
    author = {Said Emre Alper, Kivanc Azgin, Tayfun Akin},
    volume  = {135},
    year    = {2007},
    pages   = {34--42},
}

@Misc{lg_c,
    title = {Photos of Helium-Neon Ring Laser Gyros},
    note = {viewed on 2.11.2020},
    url = {https://www.repairfaq.org/sam/laserpic/rlgpics.htm},
}


@Misc{procon,
    title = {Exploring the Application of Gyroscopes},
    note = {viewed on 4.11.2020},
    url = {https://www.ceva-dsp.com/ourblog/exploring-the-application-of-gyroscopes/},
    key = {procon}
}

@Misc{fizeau,
    title = {The Fizeau Effect},
    note = {viewed on 8.11.2020},
    url = {https://de.wikipedia.org/wiki/Fizeau-Experiment},
    key = {fizeau}
}

@Misc{NIST,
    title = {National Institut of Standards and Techonolgy (NIST)},
    note = {viewed on 29.11.2020},
    url = {https://www.nist.gov},
    key = {NIST}
}
@Misc{isotopes,
    title = {Webelements Periodic Table},
    note = {viewed on 20.12.2020},
    url = {https://www.webelements.com/xenon/isotopes.html},
    key = {isotopes}
}

@Misc{scipy,
    title = {Scipy Curve-Fit},
    note = {viewed on 8.11.2020},
    url = {https://docs.scipy.org/doc/scipy/reference/generated/scipy.optimize.curve_fit.html},
    key = {scipy}
}


